@article {nobel,
author = {Mockl, Leonhard and Lamb, Don C. and Brauchle, Christoph},
title = {Super-resolved Fluorescence Microscopy: Nobel {P}rize in {C}hemistry 2014
                  for {E}ric {B}etzig, {S}tefan {H}ell, and {W}illiam {E}. {M}oerner},
journal = {Ange. Chem. Int. Ed.},
volume = {53},
number = {51},
publisher = {WILEY-VCH Verlag},
pages = {13972--13977},
keywords = {Nobel Prize, PALM, single molecule detection, STED, super-resolution},
year = {2014},
}

@article{chandler17,
author = {Talon Chandler and Shalin Mehta and Hari Shroff and Rudolf Oldenbourg and La Rivi\`ere, Patrick J.},
journal = {Opt. Express},
keywords = {Imaging systems; Microscopy; Fluorescence microscopy; Three-dimensional microscopy; Polarization; Polarization-selective devices},
number = {25},
pages = {31309--31325},
publisher = {OSA},
title = {Single-fluorophore orientation determination with multiview polarized illumination: modeling and microscope design},
volume = {25},
month = {Dec},
year = {2017},
}

@article {weiss1999,
	author = {Weiss, Shimon},
	title = {Fluorescence Spectroscopy of Single Biomolecules},
	volume = {283},
	number = {5408},
	pages = {1676--1683},
	year = {1999},
	publisher = {American Association for the Advancement of Science},
	journal = {Science}
}

@article {toprak2006,
	author = {Toprak, Erdal and Enderlein, Joerg and Syed, Sheyum and McKinney, Sean A. and Petschek, Rolfe G. and Ha, Taekjip and Goldman, Yale E. and Selvin, Paul R.},
	title = {Defocused orientation and position imaging ({DOPI}) of myosin {V}},
	volume = {103},
	number = {17},
	pages = {6495--6499},
	year = {2006},
	publisher = {National Academy of Sciences},
	journal = {Proceedings of the National Academy of Sciences}
}

@article{mehta2016,
author = {Mehta, Shalin B. and McQuilken, Molly and La Rivi\`ere, Patrick J. and Occhipinti, Patricia and Verma, Amitabh and Oldenbourg, Rudolf and Gladfelter, Amy S. and Tani, Tomomi}, 
title = {Dissection of molecular assembly dynamics by tracking orientation and position of single molecules in live cells},
volume = {113}, 
number = {42}, 
pages = {E6352-E6361}, 
year = {2016}, 
journal = {Proc. Natl. Acad. Sci. U.S.A.} 
}

@article{demay2011,
title = "Rapid and Quantitative Imaging of Excitation Polarized Fluorescence Reveals Ordered Septin Dynamics in Live Yeast ",
journal = "Biophys. J.",
volume = "101",
number = "4",
pages = "985-994",
year = "2011",
author = "Bradley S. DeMay and Naoki Noda and Amy S. Gladfelter and Rudolf Oldenbourg",
}

@article{wu2013,
author={Wu, Yicong
and Wawrzusin, Peter
and Senseney, Justin
and Fischer, Robert S.
and Christensen, Ryan
and Santella, Anthony
and York, Andrew G.
and Winter, Peter W.
and Waterman, Clare M.
and Bao, Zhirong
and Colon-Ramos, Daniel A.
and McAuliffe, Matthew
and Shroff, Hari},
title={Spatially isotropic four-dimensional imaging with dual-view plane illumination microscopy},
journal={Nat. Biotechnol.},
year=2013,
month={Nov},
publisher={Nature Publishing Group, a division of Macmillan Publishers Limited. All Rights Reserved.},
volume=31,
number=11,
pages={1032-1038},
}

@inproceedings{levoy2006,
 author = {Levoy, Marc and Ng, Ren and Adams, Andrew and Footer, Matthew and Horowitz, Mark},
 title = {Light Field Microscopy},
 booktitle = {ACM SIGGRAPH 2006 Papers},
 journal = {SIGGRAPH '06},
 year = {2006},
 location = {Boston, Massachusetts},
 pages = {924--934},
 numpages = {11},
 acmid = {1141976},
 publisher = {ACM},
 address = {New York, NY, USA},
 keywords = {deconvolution, light fields, microscopy, synthetic aperture, tomography, volume rendering},
}

@incollection{schmid,
title = "Chapter 17 - Reconstitution of proteins on electroformed giant unilamellar vesicles",
editor = "Jennifer Ross and Wallace F. Marshall",
journal = "Methods in Cell Biology",
publisher = "Academic Press",
volume = "128",
pages = "319 - 338",
year = "2015",
booktitle = "Building a Cell from its Component Parts",
author = "Eva M. Schmid and David L. Richmond and Daniel A. Fletcher",
keywords = "Electroformation, Lipid bilayer, Liposome, Membrane protein, Membrane reconstitution, Protein–membrane interaction, Vesicle, Video protocol"
}

@book{nov2006,
author={Novotny,Lukas and Hecht,Bert},
year=2006,
title={Principles of Nano-Optics},
publisher={Cambridge University Press},
language={English},
}
